% Encoding: ISO-8859-1

@article{Z08,
  title={Prec{\'a}lculo: con avances de c{\'a}lculo},
  author={Zill, Dennis G and others},
  year={2008},
  publisher={Biblioteca Hern{\'a}n Malo Gonz{\'a}lez}
}
